<record><leader>00000cas a22000007a 4500</leader><controlfield tag="001">18377671</controlfield><controlfield tag="008">880822d197u19uupaudr ne      0    0eng d</controlfield><datafield ind1=" " ind2=" " tag="010"><subfield code="a">sn 89077069 </subfield></datafield><datafield ind1=" " ind2=" " tag="040"><subfield code="a">NPH</subfield><subfield code="b">eng</subfield><subfield code="c">NPH</subfield><subfield code="d">OCLCQ</subfield></datafield><datafield ind1=" " ind2=" " tag="042"><subfield code="a">msc</subfield></datafield><datafield ind1="0" ind2="0" tag="245"><subfield code="a">Today's shopper.</subfield></datafield><datafield ind1=" " ind2=" " tag="260"><subfield code="a">[King of Prussia, Pa. :</subfield><subfield code="b">Montgomery Pub. Co.]</subfield></datafield><datafield ind1=" " ind2=" " tag="300"><subfield code="a">v. :</subfield><subfield code="b">ill.</subfield></datafield><datafield ind1=" " ind2=" " tag="310"><subfield code="a">Daily</subfield></datafield><datafield ind1=" " ind2=" " tag="580"><subfield code="a">Issued in a weekly edition called: Today's post.</subfield></datafield><datafield ind1=" " ind2=" " tag="588"><subfield code="a">Description based on: Mar. 12, 1975.</subfield></datafield><datafield ind1=" " ind2=" " tag="752"><subfield code="a">United States</subfield><subfield code="b">Pennsylvania</subfield><subfield code="c">Montgomery</subfield><subfield code="d">King of Prussia.</subfield></datafield><datafield ind1="1" ind2=" " tag="775"><subfield code="t">Today's post (King of Prussia, Pa. : Chester Co. ed.)</subfield><subfield code="w">(DLC)sn 88079405</subfield></datafield></record>